@Book{Kodeks,
author = {Grupa Image},
title = {Podręczny kodeks drogowy 2019},
publisher = {Grupa Image},
year = {2019},
address = {Warszawa},

langid = {polish}
}

@Book{Dil00,
author = {Diller, A.},
title = {LaTeX wiersz po wierszu},
publisher = {Wydawnictwo Helion},
year = {2000},
address = {Gliwice},

langid = {polish}
}


@Manual{ARM06,
title = {Ada Reference Manual {ISO}/{IEC} 8652:200y({E}) {E}d. 3},
organization = {Ada Europe},
year = {2006}
}

@Article{BuDo03,
author = {Burns, A. and Dobbing, B.},
title = {The {R}avenscar {P}rofile for Real--Time and High Integrity Systems},
journal = {Cross{T}alk},
year = {2003},
volume = {16},
number = {11},
pages = {9--12}
}


@Article{T1,
author = {Soo Siang Teoh, Thomas Braunl},
title = {Symmetry-based monocular vehicle detection system},
journal = {Machine Vision and Applications},
year = {2012},
volume = {23},
number = {5}
}

@Article{T2,
author = {Barnes N., Zelinsky A., Fletcher L.},
title = {Real-Time Speed Sign Detection Using the Radial Symmetry Detector},
journal = {IEEE Transactions on Intelligent Transportation Systems},
year = {2008},
volume = {9},
number = {2},
pages = {322--332}
}

@Article{T3,
author = {Ganlu D. Yefu W.},
title = {Double Lane Line Edge Detection Method Based on Constraint Conditions Hough Transform},
journal = {2018 17th International Symposium on Distributed Computing and Applications for Business Engineering and Science (DCABES)},
year = {2018}
}

@Article{T4,
author = {Masako Omachi},
title = {Traffic Light Detection with Color and Edge Information},
journal = {2009 2nd IEEE International Conference on Computer Science and Information Technology},
year = {2009}
}



@InProceedings{PeDa04,
author = {Peleska, J. and Große, D. and Haxthausen, A. E. and Drechsler, R.},
title = {Automated Verification for Train Control Systems},
booktitle = {Proc. of the 5th Symposium on Formal Methods for Automation and Safety in Railway and Automotive Systems (FORMS/FORMAT 2004)},
year = {2004},
pages = {252--265},
address = {Braunschweig, Germany},
month = {December}
}

@TechReport{BuDoVa03,
author = {Burns, A. and Dobbing, B. and Vardanega, T.},
title = {Guide for the Use of the Ada Ravenscar Profile in High Integrity Systems},
institution = {University of York},
year = {2003},
number = {YCS-2003-348}
}




@manual{S2,
	organization = {Python Software Foundation},
	year = {2019},
	title = {Python 3.7.4 documentation},
	langid = {english}
}

@manual{S3,
	organization = {Steam},
	year = {2019},
	title = {ETS2 Console Documentation},
	langid = {english}
}


@manual{S1,
	organization = {Market Industry Reports},
	year = {2019},
	title = {Advanced Driver Assistance System Sensor Market: Technological Innovations in North America to Boost Regional Market Attractiveness Through 2026},
	author = {ajinkya},
	langid = {english}
}

@misc{W4,
author = "Miłosz Michalski",
title = "Modele i przestrzenie koloru",
month = "November",
year = "2017",
url = "http://www.fizyka.umk.pl/~milosz/PSPiZK/graf/kolor.html"
}

@misc{W5,
author = "Luke Dormehl",
title = "Next year, convoys of self-driving trucks will be driving on U.K. roads",
month = "August",
year = "2017",
url = "https://www.digitaltrends.com/cool-tech/uk-self-driving-convoy-trucks/"
}

@Article{T5,
author = {Canny J.},
title = {A Computational Approach To Edge Detection},
journal = {IEEE Trans. Pattern Analysis and Machine Intelligence},
year = {1986}
}

@Article{T6,
author = {Yue Dong ; Jintao Xiong ; Liangchao Li ; Jianyu Yang},
title = {Robust lane detection and tracking for lane departure warning},
journal = {2012 International Conference on Computational Problem-Solving (ICCP)},
year = {2012}
}

@Article{T7,
author = {I.M. Creusen, L. Hazelhoj},
title = {Color transformation for improved traffic sign detection},
journal = {2012 19th IEEE International Conference on Image Processing},
year = {2012}
}

@Article{T8,
author = {Canyong Wang},
title = {Research and Application of Traffic Sign Detection and Recognition Based on Deep Learning},
journal = {2018 International Conference on Robots and Intelligent System (ICRIS)},
year = {2018}
}

@Article{T9,
author = {Sang-Hyuk Lee},
title = {Traffic Light Detection and Recognition based on Haar-like Features},
journal = {IEEE 2018 International Conference on Electronics, Information, and Communication (ICEIC)},
year = {2018}
}

@misc{W6,
title = "The KITTI Vision Benchmark Suite",
url = "https://www.digitaltrends.com/cool-tech/uk-self-driving-convoy-trucks/"
}

@Article{T10,
author = {Ruturaj Kulkarni},
title = {Traffic Light Detection and Recognition for Self
Driving Cars using Deep Learning},
journal = { 2018 Fourth International Conference on Computing Communication Control and Automation (ICCUBEA)},
year = {2018}
}

@Article{S4,
author = {On-Road Automated Driving (ORAD) committee},
title = {Taxonomy and Definitions for Terms Related to Driving Automation Systems for On-Road Motor Vehicles},
journal = {SAE International},
year = {2018}
}

@Article{T11,
author = {Huieun Kim},
title = {On-road object detection using Deep Neural Network },
journal = {2016 IEEE International Conference on Consumer Electronics-Asia (ICCE-Asia)},
year = {2016}
}

@Article{T12,
author = {Jang Woon Baek},
title = {Mono-camera based side vehicle detection for blind spot detection systems},
journal = {2015 Seventh International Conference on Ubiquitous and Future Networks},
year = {2015}
}